% !Mode:: "TeX:UTF-8"

@ARTICLE{On_the_Road_to_6G,
  author={Wang, Cheng-Xiang and You, Xiaohu and Gao, Xiqi and Zhu, Xiuming and Li, Zixin and Zhang, Chuan and Wang, Haiming and Huang, Yongming and Chen, Yunfei and Haas, Harald and Thompson, John S. and Larsson, Erik G. and Renzo, Marco Di and Tong, Wen and Zhu, Peiying and Shen, Xuemin and Poor, H. Vincent and Hanzo, Lajos},
  journal={IEEE Communications Surveys & Tutorials}, 
  title={On the Road to 6G: Visions, Requirements, Key Technologies, and Testbeds}, 
  year={2023},
  volume={25},
  number={2},
  pages={905-974},
  keywords={6G mobile communication;5G mobile communication;Wireless communication;Industries;Tutorials;Millimeter wave communication;Research and development;6G vision;6G key performance indicators (KPIs);6G application scenarios;6G network architecture;6G key technologies;6G testbeds;6G challenges},
  doi={10.1109/COMST.2023.3249835}
}